@book{aguirre2004,
  title={Introdu{\c{c}}{\~a}o {\`a} identifica{\c{c}}{\~a}o de sistemas--T{\'e}cnicas lineares e n{\~a}o-lineares aplicadas a sistemas reais},
  author={Aguirre, Luis Antonio},
  year={2015},
  publisher={Editora UFMG},
  address={Belo Horizonte}
}

@book{bassanezi2010,
  title={T{\'o}picos de l{\'o}gica fuzzy e biomatem{\'a}tica},
  author={de Barros, La{\'e}cio Carvalho and Bassanezi, Rodney Carlos},
  year={2010},
  publisher={Grupo de Biomatem{\'a}tica, Instituto de Matem{\'a}tica, Estat{\'\i}stica e Computa{\c{c}}{\~a}o Cient{\'\i}fica (IMECC), Universidade Estadual de Campinas (UNICAMP)},
  Address={Campinas}
}

@misc{bbcbrasil,
author = "BBC",
title = {Poluição do ar causa 5,5 milhões de mortes por ano},
year = {2016},
note= "Disponível em: \url{http://www.bbc.com/portuguese/noticias/2016/02/160213_poluicao_mortes_fn}. Acesso em: 27 de maio de 2016"
}

@article{brunekreef2002,
  title={Air pollution and health},
  author={Brunekreef, Bert and Holgate, Stephen T},
  journal={The lancet},
  volume={360},
  number={9341},
  pages={1233--1242},
  year={2002},
  publisher={Elsevier}
}


@book{combustaoaplicada,
  author    = {Carvalho{ }J{\'u}nior, João Andrade and Zevallos, Andr{\'e}s Armando Mendiburu and Rodriguez, Christian Jeremi Coronado and Mcquay, Mardson Queiroz }, 
  title     = {Combust{\~a}o Aplicada},
  publisher = {Editora da UFSC},
  year      = {2018},
  address   = {Florian{\'o}polis},
  edition   = {1ª},
  isbn      = {9788532808219}
}

@phdthesis{chuiTese,
	title={Identifica{\c{c}}{\~a}o de chama de forno industrial atrav{\'e}s do monitoramento por vis{\~a}o computacional},
	author={Danilo Santana Chui},
	school={Escola Polit{\'e}cnica, Universidade de S{\~a}o Paulo},
	year={2020},
	address={S{\~a}o Paulo}
}

@misc{redesneurais2018,
author = "Data{ }Science{ }Academy",
title = {As 10 Principais Arquiteturas de Redes Neurais},
year = {2018},
note= "Disponível em: \url{http://deeplearningbook.com.br/as-10-principais-arquiteturas-de-redes-neurais/}. Acesso em: 25 de setembro de 2018"
}



@article{silvaneto,
  title={Um m{\'e}todo para solu{\c{c}}{\~a}o de problemas de otimiza{\c{c}}{\~a}o multiobjetivo em ambiente fuzzy},
  author={Silva{ }Neto, G. C.},
  year={2011},
  publisher={Disserta{\c{c}}{\~a}o de Mestrado. PPGM - Universidade Federal do Amazonas}
}
%Essas chaves com um espaço no meio { } entre o silva Neto serve para ele citar o nome composto. Caso contrário, ele só citaria como "NETO".

@inproceedings{silvaneto-chui2019,
  title={Fuzzy inference of oil furnace combustion state through computer vision information},
  author={Silva{ }Neto, G. C. and Chui, D. S. and Trigo, F. C. and Martins, F. P. R. and Fleury, A. T.},
  booktitle={XVIII International Conference on Dynamic Problems in Mechanics - DINAME},
  address={Armação de Búzios - RJ - Brazil},
  organization={ABCM},
  year={2019}
}


@book{simon2006kalman,
  title={Optimal state estimation: Kalman, $H_{\infty}$ and nonlinear approaches},
  author={Simon, Dan},
  year={2006},
  address={Nova Jersey},
  publisher={John Wiley \& Sons}
}

@book{soderstrom1988system,
  title={System identification},
  author={S{\"o}derstr{\"o}m, Torsten and Stoica, Petre},
  year={1988},
  publisher={Prentice-Hall, Inc.},
  address={Cambridge}
}

@book{turns2013,
  title={Introdu{\c{c}}{\~a}o {\`a} Combust{\~a}o: Conceitos e Aplica{\c{c}}{\~o}es},
  author={Turns, Stephen R},
  year={2013},
  address={Porto Alegre},
  publisher={AMGH}
}









%%%%%%%%%%%%%%%%%%%%%%%%%%%%%%%%%%%%%%%%%%%%%%%%%%%%%%%%%%%%%%%%%%%%%%%%%%%%%%%%%%
@Misc{aaaa,
OPTkey = "aaaa",
author = "abcdefg",
title = "uma vez",
OPThowpublished = "aa",
year = "1999",
OPTnote = "aaa",
OPTannote = "a"
}


@Inproceedings{agashe-lauter-venkatesan,
    author =    "A.~Agashe and K.~Lauter and R.~Venkatesan",
    title =     "Constructing elliptic curves with a known number of points over a prime field",
    booktitle = "Proceedings",
    organization = "High Primes and Misdemeanours: lectures in honour of the 60th birthday of Hugh Cowie Williams",
    publisher = "American Mathematical Society",
    address =   "Providence, {USA}",
    year =      "2002",
    series =    "Fields Institute Communications Series",
    note =      "no prelo",
}

@misc{al-riyami-paterson,
    author =    "S.~S.~Al-Riyami and K.~G.~Paterson",
    title =     "Authenticated Three Party Key Agreement Protocols from Pairings",
    howpublished =  "Cryptology ePrint Archive, Report 2002/035",
    year =      "2002",
    note =      "Disponível em: \url{http://eprint.iacr.org/2002/035}. Acesso em: {\today}",
}

@manual{ansi-x9.62,
    title =     "Public Key Cryptography for the Financial Services Industry: the Elliptic Curve Digital Signature Algorithm ({ECDSA}) -- {ANSI~X9.62}",
    organization =    "American National Standards Institute -- {ANSI}",
    year =      "1999",
    note =      "Also published in {FIPS~186-2}",
}

@article{balasubramanian-koblitz,
    author =    "R.~Balasubramanian and N.~Koblitz",
    title =     "The improbability that an Elliptic Curve has Subexponential Discrete Log Problem under the {Menezes-Okamoto-Vanstone} Algorithm",
    journal =   "Journal of Cryptology",
    volume =    "11",
    number =    "2",
    publisher = "Springer-Verlag",
    address =   "Berlin, Germany",
    year =      "1998",
    pages =     "141--145",
}

@Book{blake-seroussi-smart,
    author =    "I.~Blake and G.~Seroussi and N.~P.~Smart",
    title =     "Elliptic Curves in Cryptography",
    publisher = "Cambridge University Press",
    address =   "London, {UK}",
    year =      "1999",
}

@misc{bleichenbacher,
    author =    "D.~Bleichenbacher",
    title =     "Attack against the pseudo-random number generator prescribed for {DSA} digital signatures",
    howpublished =  "não publicado",
    year =      "2001",
    note =      "Disponível em: \url{http://www.lucent.com/press/0201/010205.bla.html}. Acesso em: {\today}",
}

@Phdthesis{weimerskirch,
  author =      "A.~Weimerskirch",
  title =       "The Application of the {Mordell-Weil} Group to Cryptographic Systems",
  school =      "Worcester Polytechnic Institute",
  year =        "2001",
  type =        "Mestrado",
}
